<?xml version="1.0" encoding="UTF-8"?><record xmlns="http://www.loc.gov/MARC21/slim" xmlns:cinclude="http://apache.org/cocoon/include/1.0" xmlns:zs="http://www.loc.gov/zing/srw/">
  <leader>00626cz  a2200157n  4500</leader>
  <controlfield tag="001">n  85804928 </controlfield>
  <controlfield tag="003">DLC</controlfield>
  <controlfield tag="005">20080705080740.0</controlfield>
  <controlfield tag="008">850502n| acannaabn          |n aaa     c</controlfield>
  <datafield tag="010" ind1=" " ind2=" ">
    <subfield code="a">n  85804928 </subfield>
  </datafield>
  <datafield tag="035" ind1=" " ind2=" ">
    <subfield code="a">(OCoLC)oca01300520</subfield>
  </datafield>
  <datafield tag="040" ind1=" " ind2=" ">
    <subfield code="a">ICU</subfield>
    <subfield code="b">eng</subfield>
    <subfield code="c">ICU</subfield>
    <subfield code="d">OCoLC</subfield>
  </datafield>
  <datafield tag="100" ind1="1" ind2=" ">
    <subfield code="a">Curtis, John T.</subfield>
    <subfield code="q">(John Thomas),</subfield>
    <subfield code="d">1913-1961</subfield>
  </datafield>
  <datafield tag="667" ind1=" " ind2=" ">
    <subfield code="a">Includes the old catalog headings: Curtis, John Thomas, 1913- ; Curtis, John Thomas, 1913-1961</subfield>
  </datafield>
  <datafield tag="670" ind1=" " ind2=" ">
    <subfield code="a">LCCN 59-5308: His The vegetation of Wisconsin, 1959</subfield>
    <subfield code="b">(hdg.: Curtis, John Thomas, 1913- )</subfield>
  </datafield>
  <datafield tag="670" ind1=" " ind2=" ">
    <subfield code="a">LC data base, 4-23-85</subfield>
    <subfield code="b">(hdg.: Curtis, John Thomas, 1913-1961; usage: John T. Curtis)</subfield>
  </datafield>
</record>